@online{test1,
  author  = {LHC},
  title   = {What is this thing},
  year    = {2009},
  urlseen = {07-04-12},
  url     = {hasthelargehadroncolliderdestroyedtheworldyet.com/}
}
@misc{test2,
  title         = {Number and Such},
  author        = {Jon Smith, Smon Jith},
  year          = {1990},
  eprint        = {1337.9000},
  archiveprefix = {arXiv},
  primaryclass  = {hum-bug}
}